<collection xmlns="http://www.loc.gov/MARC21/slim">
<record>
  <leader>01372nam0a22002891i 450 </leader>
  <controlfield tag="001">IT\ICCU\CNCE\072235</controlfield>
  <controlfield tag="005">20120831000000.0</controlfield>
  <datafield tag="012" ind1=" " ind2=" ">
    <subfield code="a">s.7. d.s. s.I. o,l- (S) 1567 (Q)</subfield>
    <subfield code="2">fei</subfield>
  </datafield>
  <datafield tag="100" ind1=" " ind2=" ">
    <subfield code="a">20071217f1567        0itac0103    ba</subfield>
  </datafield>
  <datafield tag="101" ind1=" " ind2=" ">
    <subfield code="a">ITA</subfield>
  </datafield>
  <datafield tag="102" ind1=" " ind2=" ">
    <subfield code="a">IT</subfield>
  </datafield>
  <datafield tag="200" ind1="1" ind2=" ">
    <subfield code="a">Sententia publicata contra gli hebrei di Bologna usurarii, sopra la restitution delle usure, priuation delle toleranze, reuisione de&apos; conti, annullatione de&apos; loro libri, &amp; altre cose gioueuoli a christiani</subfield>
  </datafield>
  <datafield tag="210" ind1=" " ind2=" ">
    <subfield code="a">\Bologna!</subfield>
    <subfield code="c">typis Alexandri Benatii</subfield>
    <subfield code="d">\1567?!</subfield>
  </datafield>
  <datafield tag="215" ind1=" " ind2=" ">
    <subfield code="a">1 manifesto</subfield>
    <subfield code="d">atl</subfield>
  </datafield>
  <datafield tag="300" ind1=" " ind2=" ">
    <subfield code="a">Data dell&apos;emanazione: 11 novembre 1567</subfield>
  </datafield>
  <datafield tag="620" ind1=" " ind2=" ">
    <subfield code="a">IT</subfield>
    <subfield code="d">Bologna</subfield>
  </datafield>
  <datafield tag="710" ind1="0" ind2="2">
    <subfield code="a">Bologna</subfield>
    <subfield code="3">1807</subfield>
  </datafield>
  <datafield tag="712" ind1="0" ind2="0">
    <subfield code="a">Benacci, Alessandro</subfield>
    <subfield code="3">IT\ICCU\CNCT\000020</subfield>
    <subfield code="4">650</subfield>
  </datafield>
  <datafield tag="791" ind1="0" ind2="0">
    <subfield code="a">Benazzi, Alessandro</subfield>
    <subfield code="3">IT\ICCU\CNCT\003631</subfield>
    <subfield code="z">Benacci, Alessandro</subfield>
  </datafield>
  <datafield tag="791" ind1="0" ind2="0">
    <subfield code="a">Benatius, Alexander</subfield>
    <subfield code="3">IT\ICCU\CNCT\003647</subfield>
    <subfield code="z">Benacci, Alessandro</subfield>
  </datafield>
  <datafield tag="791" ind1="0" ind2="0">
    <subfield code="a">Benacio, Alessandro</subfield>
    <subfield code="3">IT\ICCU\CNCT\004322</subfield>
    <subfield code="z">Benacci, Alessandro</subfield>
  </datafield>
  <datafield tag="791" ind1="0" ind2="0">
    <subfield code="a">Benacius, Alexander</subfield>
    <subfield code="3">IT\ICCU\CNCT\004323</subfield>
    <subfield code="z">Benacci, Alessandro</subfield>
  </datafield>
  <datafield tag="791" ind1="0" ind2="0">
    <subfield code="a">Benaccius, Alexander</subfield>
    <subfield code="3">IT\ICCU\CNCT\004324</subfield>
    <subfield code="z">Benacci, Alessandro</subfield>
  </datafield>
  <datafield tag="801" ind1=" " ind2="3">
    <subfield code="a">IT</subfield>
    <subfield code="b">ICCU</subfield>
    <subfield code="c">20201115</subfield>
  </datafield>
  <datafield tag="899" ind1=" " ind2=" ">
    <subfield code="a">Biblioteca comunale dell&apos;Archiginnasio. Bologna</subfield>
    <subfield code="1">BO0304</subfield>
    <subfield code="2">UBO GA</subfield>
  </datafield>
  <datafield tag="899" ind1=" " ind2=" ">
    <subfield code="a">Archivio di Stato di Bologna. Bologna</subfield>
    <subfield code="1">BO0514</subfield>
    <subfield code="2">ZBO 24</subfield>
  </datafield>
  <datafield tag="899" ind1=" " ind2=" ">
    <subfield code="a">Archivio generale arcivescovile. Bologna</subfield>
    <subfield code="1">BO0553</subfield>
    <subfield code="2">ZBO 65</subfield>
  </datafield>
</record>
</collection>
